%% This BibTeX bibliography file was created using BibDesk.
%% http://bibdesk.sourceforge.net/


%% Created for Maïeul at 2013-12-09 23:35:55 +0100 


%% Saved with string encoding Unicode (UTF-8) 



@bookinbook{Augustin_DeDoctChr_CCSL,
	Author = {Augustin},
	Booktitle = {De doctrina christiana. De vera religione},
	Date-Added = {2013-12-09 22:32:46 +0000},
	Date-Modified = {2013-12-09 22:35:54 +0000},
	Editor = {Daur, Klaus-Detlef and Martin, Josef},
	Maintitle = {Aurelii Augustini opera},
	Number = {32},
	Publisher = {Brepols},
	Series = {Corpus Christianorum Series Latina},
	Title = {De doctrina christiana},
	Volume = {IV, 1},
	Year = {1962}}

@book{Augustin_DeDoctChr_BA,
	Annotator = {Isabelle Bochet and Goulven Madec},
	Annote = {daté de 396 par Bonnadière

parmis lequels celles qui ont eu le privilège de recevoir le siège des apôtres -> il faudrait savoir ce qu'il en est à Rome ....},
	Author = {Augustin},
	Date-Added = {2013-12-09 22:29:26 +0000},
	Date-Modified = {2013-12-09 22:30:42 +0000},
	Editor = {Madeleine Moreau},
	Introduction = {Madeleine Moreau},
	Number = {11 / 2},
	Publisher = {Institut d'Études Augustiniennes},
	Read = {1},
	Series = {Bibliothèque Augustinienne},
	Title = {De doctrina christiana},
	Translator = {Madeleine Moreau},
	Year = {1997}}
