@book{Apiano:1985aa,
Author = {Apiano},
Date-Added = {2015-06-16 23:31:44 +0000},
Date-Modified = {2015-07-05 01:11:55 +0000},
Keywords = {modernos},
Publisher = {Editorial Gredos},
Title = {Historia Romana},
Translator = {Sancho Royo, A.},
Volume = {II},
Volumetitle = {GUERRAS CIVILES GUERRAS (LIBROS I Y II)},
Year = {1985}}
@article{balbo2013sulle,
Author = {Balbo, Mattia},
Date-Added = {2015-06-15 23:36:32 +0000},
Date-Modified = {2015-07-05 01:00:42 +0000},
Journal = {HISTORIKA Studi di storia greca e romana},
Keywords = {modernos},
Pages = {13--32},
Title = {Sulle orme dei Gracchi: L. Apuleio Saturnino e la Transpadana},
Volume = {2},
Year = {2013}}@book{Livio:ab,
Author = {Livio},
Booktitle = {Ab Urbe Condita},
Date-Added = {2015-03-11 16:48:23 +0000},
Date-Modified = {2015-07-05 01:10:35 +0000},
Editor = {2013.},
Keywords = {fuentes},
Series = {XXXI-XLV},
Title = {Ab Urbe Condita},
Translator = {Duarte Sanchez, A.D.},
Volume = {3}}
@book{:2015aa,
Author = {Livio},
Date-Added = {2015-03-11 16:45:28 +0000},
Date-Modified = {2015-07-05 01:00:19 +0000},
Keywords = {fuentes},
Series = {XXI-XXX},
Title = {Ab Urbe Condita},
Translator = {Duarte Sanchez, A.D.},
Volume = {II},
Year = {2013}}
